@misc{youtubedata,
  author = {YouTube},
  howpublished = "\url{https://www.kaggle.com/datasnaek/youtube}",
  title = {{YouTube Database For Kaggle Competitions}},
}

@inproceedings{tagRecCatDis,
title = {Finding Meaning on YouTube: Tag Recommendation and Category Discovery},
author  = {George Toderici and Hrishikesh Aradhye and Marius Pasca and Luciano Sbaiz and Jay Yagnik},
year  = {2010},
booktitle = {Computer Vision and Pattern Recognition}
}
