@misc{youtubedata,
  author = {YouTube},
  howpublished = "\url{https://www.kaggle.com/datasnaek/youtube}",
  title = {{YouTube Database For Kaggle Competitions}},
}
@book{massiveDatasets,
 author = {Rajaraman, Anand and Ullman, Jeffrey David},
 title = {Mining of Massive Datasets},
 year = {2011},
 isbn = {1107015359, 9781107015357},
 publisher = {Cambridge University Press},
} 


@misc{textblob,
  author = {YouTube},
  howpublished = "\url{https://textblob.readthedocs.io/en/dev}",
  title = {{TextBlob Library For Python}},
}


@inproceedings{tagRecCatDis,
title = {Finding Meaning on YouTube: Tag Recommendation and Category Discovery},
author  = {George Toderici and Hrishikesh Aradhye and Marius Pasca and Luciano Sbaiz and Jay Yagnik},
year  = {2010},
booktitle = {Computer Vision and Pattern Recognition}
}
 
@INPROCEEDINGS{sentiment_review, 
author={T. K. Shivaprasad and J. Shetty}, 
booktitle={2017 International Conference on Inventive Communication and Computational Technologies (ICICCT)}, 
title={Sentiment analysis of product reviews: A review}, 
year={2017}, 
pages={298-301}, 
}

@inproceedings{Siersdorfer:2010:UYC:1772690.1772781,
 author = {Siersdorfer, Stefan and Chelaru, Sergiu and Nejdl, Wolfgang and San Pedro, Jose},
 title = {How Useful Are Your Comments?: Analyzing and Predicting Youtube Comments and Comment Ratings},
 booktitle = {Proceedings of the 19th International Conference on World Wide Web},
 year = {2010},
 pages = {891--900}
}

@article{thumbsup,
  author    = {Bo Pang and
               Lillian Lee and
               Shivakumar Vaithyanathan},
  title     = {Thumbs up? Sentiment Classification using Machine Learning Techniques},
  journal   = {CoRR},
  volume    = {cs.CL/0205070},
  year      = {2002},
}

?@inproceedings{HuM,
	title = {Mining and summarizing customer reviews In: Proceedings of the tenth ACM SIGKDD international conference on Knowledge discovery and data mining},
	author={{Hu M }{,}{ Liu B}},
	journal={},
	year={2004},
	pages={168-177..},
	address={ACM, New York, NY, USA.}
}


@inproceedings{Chakrabarti,
	title = {Mining the Web: Discovering Knowledge from Hypertext Data. Morgan-Kauffman},
	author={{S. Chakrabarti.}},
	journal={},
	year={2002}
}


@book{Joachims,
	title = {Making large-scale support vector machine learning practical. Advances in kernel methods: support vector learning},
	author={T. Joachims.},
	journal={},
	year={1999},
	pages={169-184}
}

@book{Smola,
	title = {A tutorial on support vector regression.Statistics and Computing,14(3)},
	author={A. J. Smola and B. Scho?lkopf.},
	journal={},
	year={2004},
	pages={199-222}
}

@inproceedings{PangLee,
	title = {A sentimental education: Sentiment analysis using subjectivity summarization based on minimum cuts In: Proceedings of the 42Nd Annual Meeting on Association for Computational Linguistics},
	author={{Pang B }{,} {Lee L}},
	year={2004},
	journal={},
	address={, ACL ?04.. Association for Computational Linguistics, Stroudsburg, PA, USA.}
}


@inproceedings{Gann,
	title = {(2014) Twitter analytics for insider trading fraud detection system In: Proceedings of the second ASE international conference on Big Data..ASE},
	author={{Gann WJK} {,}  {Day J }{,} {Zhou S}},
	journal={},
}
