@misc{youtubedata,
  author = {YouTube},
  howpublished = "\url{https://www.kaggle.com/datasnaek/youtube}",
  title = {{YouTube Database For Kaggle Competitions}},
}

@book{massiveDatasets,
 author = {Rajaraman, Anand and Ullman, Jeffrey David},
 title = {Mining of Massive Datasets},
 year = {2011},
 isbn = {1107015359, 9781107015357},
 publisher = {Cambridge University Press},
} 

@misc{textblob,
  author = {YouTube},
  howpublished = "\url{https://textblob.readthedocs.io/en/dev}",
  title = {{TextBlob Library For Python}},
}

@inproceedings{tagRecCatDis,
title = {Finding Meaning on YouTube: Tag Recommendation and Category Discovery},
author  = {George Toderici and Hrishikesh Aradhye and Marius Pasca and Luciano Sbaiz and Jay Yagnik},
year  = {2010},
booktitle = {Computer Vision and Pattern Recognition}
}
 
@INPROCEEDINGS{sentiment_review, 
author={T. K. Shivaprasad and J. Shetty}, 
booktitle={International Conference on Inventive Communication and Computational Technologies (ICICCT)}, 
title={Sentiment analysis of product reviews: A review}, 
year={2017}, 
pages={298-301}, 
}

@inproceedings{Siersdorfer:2010:UYC:1772690.1772781,
 author = {Siersdorfer, Stefan and Chelaru, Sergiu and Nejdl, Wolfgang and San Pedro, Jose},
 title = {How Useful Are Your Comments?: Analyzing and Predicting Youtube Comments and Comment Ratings},
 booktitle = {Proceedings of the 19th International Conference on World Wide Web},
 year = {2010},
 pages = {891--900}
}

@article{thumbsup,
  author    = {Bo Pang and
               Lillian Lee and
               Shivakumar Vaithyanathan},
  title     = {Thumbs up? Sentiment Classification using Machine Learning Techniques},
  journal   = {CoRR},
  volume    = {cs.CL/0205070},
  year      = {2002},
}

@inproceedings{HuM,
 author = {Hu, Minqing and Liu, Bing},
 title = {Mining and Summarizing Customer Reviews},
 booktitle = {Proceedings of the Tenth ACM SIGKDD International Conference on Knowledge Discovery and Data Mining},
 year = {2004},
 pages = {168--177},
} 

@book{Chakrabarti,
 author = {Chakrabarti, Soumen},
 title = {Mining the Web: Discovering Knowledge from HyperText Data},
 year = {2002},
 isbn = {1558607544},
 publisher = {Science \& Technology Books},
} 

@incollection{Joachims,
 author = {Joachims, Thorsten},
 chapter = {Making Large-scale Support Vector Machine Learning Practical},
 title = {Advances in Kernel Methods},
 publisher = {MIT Press},
 year = {1999},
 pages = {169--184}
} 

@article{Smola,
 author = {Smola, Alex J. and Sch\"{o}lkopf, Bernhard},
 title = {A Tutorial on Support Vector Regression},
 journal = {Statistics and Computing},
 year = {2004},
 pages = {199--222}
} 

@inproceedings{PangLee,
 author = {Pang, Bo and Lee, Lillian},
 title = {A Sentimental Education: Sentiment Analysis Using Subjectivity Summarization Based on Minimum Cuts},
 booktitle = {Proceedings of the 42Nd Annual Meeting on Association for Computational Linguistics},
 year = {2004}
} 

@inproceedings{Gann,
 author = {WJK, Gann},
 title = {Twitter analytics for insider trading fraud detection system},
 booktitle = {Proceedings of the second ASE international conference on Big Data.ASE},
 year = {2014}
}
